@article{DataEquiv,
    author  = {{Rahul Sharma, Eric Schkufza, Berkley Chruchill, Alex Aiken}},
    title   = {{Data-Driven Equivalence Checking}},
    year    = "2013",
    journal = "{OOPSLA}",
}

@article{SIMDSynth,
    author  = {{Gilles Barthe, Juan Manuel Crespo, Sumit Gulwani, C\'esar Kunz, Mark Marron}},
    title   = {{From Relational Verification to SIMD Loop Synthesis}},
    year    = "2013",
    journal = "{PPoPP}",
}

@article{CUDASynth,
    author  = {{Hanwoong Jung, Youngmin Yi, Soonhoi Ha}},
    title   = {{Automatic CUDA Code Synthesis Framework for Multicore CPU and GPU Architectures}},
    year    = "2011",
    journal = "{PPAM}",
}

@article{hicuda,
    author  = {{Tianyi David Han, Tarek S Abdelrahman}},
    title   = {{hiCUDA: High-Level GPGPU Programming}},
    year    = "2011",
    journal = "{IEEE} Transactions on Parallel and Distributed Systems",
}

@article{superopt,
    author  = {{Phitchaya Mangpo Phothilimthana, Aditya Thakur, Rastislav Bodik, Dinakar Dhurjati}},
    title   = {{Scaling  up  Superoptimization}},
    year    = "2016",
    journal = "{ASPLOS}",
}


@article{CUDALoops,
    author  = {{Ulysse Beaugnon, Antoine Pouille, Marc Pouzet, Jacques Pienaar, Albert Cohen}},
    title   = {{Optimization Space Pruning without Regrets}},
    year    = "2017",
    journal = "{ASPLOS}",
}

@misc{PTXDoc,
    title={Parallel Thread Execution ISA Version 6.1},
    url={http://docs.nvidia.com/cuda/parallel-thread-execution/index.html},
    journal={NVIDIA Developer Documentation},
    publisher={NVIDIA}
}

@misc{nvvmGitHub,
    title={nvidia-compiler-sdk/nvvmir-samples},
    url={https://github.com/nvidia-compiler-sdk/nvvmir-samples},
    journal={GitHub},
    publisher={NVIDIA},
    author={nvidia-compiler-sdk},
    year={2014},
    month={Mar}
}

@misc{NVIDIASlides,
    title={Compiling Parallel Languages with the NVIDIA Compiler SDK},
    author={Mark Harris},
    publisher={NVIDIA},
    url={http://on-demand.gputechconf.com/supercomputing/2012/presentation/SB019-Harris-Compiling-Parallel-Languages-Compiler-SDK.pdf}
}

@misc{GPUOcelot,
    title={a Dynamic Compilation Framework for GPU Computing},
    url={http://gpuocelot.gatech.edu/},
    journal={GPU Ocelot}
}
